@book{browne2011evolutionary,
  title={{Evolutionary Game Design}},
  author={Cameron Browne},
  isbn={9781447121794},
  series={SpringerBriefs in Computer Science},
  url={http://books.google.nl/books?id=tn2fE9USzZkC},
  year={2011},
  publisher={Springer}
}
